@book(foo,
author = "Dummy author",
title = "Dummy title"
)